% Encoding: UTF-8


@String { basepath = "https://github.com/fietew/research/tree/master/publications/" }

@InProceedings{Hahn2016-AES,
  Title                    = {{Local Wave Field Synthesis by Spatial Band-Limitation in the Circular/Spherical Harmonics Domain}},
  Author                   = {Hahn, Nara and Winter, Fiete and Spors, Sascha},
  Booktitle                = {Proc. of 140th Aud. Eng. Soc. Conv.},
  Year                     = {2016},

  Address                  = {Paris, France},
  Month                    = jun,
  Pages                    = {1--12},

  Url                      = {http://www.aes.org/e-lib/browse.cfm?elib=18294}
}

@Article{Winter2016-TASL,
  Title                    = {On Analytic Methods for 2.5D Local Sound Field Synthesis Using Circular Distributions of Secondary Sources},
  Author                   = {F. Winter and J. Ahrens and S. Spors},
  Journal                  = {IEEE/ACM Transactions on Audio, Speech, and Language Processing},
  Year                     = {2016},
  Number                   = {99},
  Pages                    = {1-1},
  Volume                   = {PP},

  Url                      = {https://doi.org/10.1109/TASLP.2016.2531902},
  ISSN                     = {2329-9290},
  Keywords                 = {Azimuth;Green's function methods;Harmonic analysis;IEEE transactions;Loudspeakers;Speech;Speech processing;Ambisonics;sound field synthesis;spatial aliasing}
}

@Unpublished{Winter2017-Acoustics,
  Title                    = {Azimuthal localisation in 2.5D near-field-compensated higher order ambisonics},
  Author                   = {Winter, Fiete and Hahn, Nara and Wierstorf, H.Hagen and Spors, Sascha},
  Note                     = {Acoustics '17},

  Month                    = jun,
  Year                     = {2017},

  Owner                    = {winter},
  Repo                     = basepath # "2017-06-29_Acoustics17_Localisation_25D_NFCHOA",
  Timestamp                = {2017.07.04}
}

@InProceedings{Winter2017-AESb,
  Title                    = {{The Two!Ears Database}},
  Author                   = {Winter, Fiete and Raake, Alexander and Spors, Sascha and Wierstorf, Hagen},
  Booktitle                = {Proc. of 142nd Aud. Eng. Soc. Conv.},
  Year                     = {2017},

  Address                  = {Berlin, Germany},
  Month                    = may,

  Url                      = {http://www.aes.org/e-lib/browse.cfm?elib=18705}
}

@InProceedings{Winter2014-FA,
  Title                    = {{Localization Properties of Data-based Binaural Synthesis including Translatory Head-Movements}},
  Author                   = {Winter, Fiete and Schultz, Frank and Spors, Sascha},
  Booktitle                = {Forum Acusticum},
  Year                     = {2014},

  Address                  = {Krakow, Poland},
  Month                    = sep,

  Repo                     = basepath # "2014-09_ForumAcusticum_Localization_Binaural_Synthesis",
  Url                      = {http://www.int.uni-rostock.de/fileadmin/user_upload/publications/st/fwinter/Winter_2014_Localization_Binaural_Synthesis_FA.pdf}
}

@InProceedings{Winter2017-DAGA,
  Title                    = {{Time-Domain Realisations of 2.5-Dimensional Local Sound Field Synthesis}},
  Author                   = {Winter, Fiete and Spors, Sascha},
  Booktitle                = {German Annual Conference on Acoustics (DAGA)},
  Year                     = {2017},

  Address                  = {Kiel, Germany},
  Month                    = mar,
  Pages                    = {1134--1137},

  Repo                     = basepath # "2017-03_DAGA_Time_Domain_LSFS"
}

@InProceedings{Winter2016-DAGA,
  Title                    = {{A Comparison of Sound Field Synthesis Techniques for Non-Smooth Secondary Source Distributions}},
  Author                   = {Winter, Fiete and Spors, Sascha},
  Booktitle                = {German Annual Conference on Acoustics (DAGA)},
  Year                     = {2016},

  Address                  = {Aachen, Germany},
  Month                    = mar,
  Pages                    = {1463--1466},

  Repo                     = basepath # "2016-03_DAGA_Non-Smooth_Local_WFS",
  Url                      = {http://www.int.uni-rostock.de/fileadmin/user_upload/publications/spors/2016/Winter_etal_DAGA_comparison_SFS_non_smooth_SSD.pdf}
}

@InProceedings{Winter2016-EUSIPCO,
  Title                    = {{On Fractional Delay Interpolation for Local Wave Field Synthesis}},
  Author                   = {Winter, Fiete and Spors, Sascha},
  Booktitle                = {2016 24th European Signal Processing Conference (EUSIPCO)},
  Year                     = {2016},

  Address                  = {Budapest, Hungary},
  Month                    = aug,
  Pages                    = {2415--2419},

  Keywords                 = {delay interpolation,fractional delay filter,local wave field synthesis,sound field synthesis,wave field synthesis},
  Repo                     = basepath # "2016-08_EUSIPCO_Fractional_Delay_LWFS",
  Url                      = {https://doi.org/10.1109/EUSIPCO.2016.7760682}
}

@InProceedings{Winter2015-AES,
  Title                    = {{Physical Properties of Local Wave Field Synthesis Using Linear Loudspeaker Arrays}},
  Author                   = {Winter, Fiete and Spors, Sascha},
  Booktitle                = {Proc. of 138th Aud. Eng. Soc. Conv.},
  Year                     = {2015},

  Address                  = {Warsaw, Poland},
  Month                    = may,

  Repo                     = basepath # "2015-05_AES138_Aliasing_Linear_Local_WFS",
  Url                      = {http://www.aes.org/e-lib/browse.cfm?elib=17745}
}

@InProceedings{Winter2015-DAGA,
  Title                    = {{Parameter Analysis for Range Extrapolation of Head-Related Transfer Functions using Virtual Local Wave Field Synthesis}},
  Author                   = {Winter, Fiete and Spors, Sascha},
  Booktitle                = {German Annual Conference on Acoustics (DAGA)},
  Year                     = {2015},

  Address                  = {Nuremberg, Germany},
  Month                    = mar,

  Repo                     = basepath # "2015-03_DAGA_HRTF_Extrapolation_Local_WFS",
  Url                      = {http://www.int.uni-rostock.de/fileadmin/user_upload/publications/spors/2015/Winter_et_al_DAGA_HRTF_Extrapolation_Local_WFS.pdf}
}

@InProceedings{Winter2015-EuroNoise,
  Title                    = {{Physical Properties of Local Wave Field Synthesis Using Circular Loudspeaker Arrays}},
  Author                   = {Winter, Fiete and Spors, Sascha},
  Booktitle                = {Proc. of the 10th European Congress and Exposition on Noise Control Engineering (EuroNoise)},
  Year                     = {2015},

  Address                  = {Maastricht, The Netherlands},
  Month                    = may,

  Repo                     = basepath # "2015-05_EuroNoise_Aliasing_Circular_Local_WFS",
  Url                      = {http://www.int.uni-rostock.de/fileadmin/user_upload/publications/spors/2015/Winter_et_al_Euronoise_LWFS_Circular.pdf}
}

@InProceedings{Winter2016-AES,
  Title                    = {{Database of binaural room impulse responses of an apartment-like environment}},
  Author                   = {Winter, Fiete and Wierstorf, Hagen and Podlubne, Ariel and Forgue, Thomas and Manh{\`{e}}s, J{\'{e}}rome and Herrb, Matthieu and Spors, Sascha and Raake, Alexander and Dan{\`{e}}s, Patrick},
  Booktitle                = {Proc. of 140th Aud. Eng. Soc. Conv.},
  Year                     = {2016},

  Address                  = {Paris, France},
  Month                    = may,

  Doi                      = {10.5281/zenodo.49357},
  Url                      = {http://www.aes.org/e-lib/browse.cfm?elib=18156}
}

@InProceedings{Winter2017-AES,
  Title                    = {{Improvement of the reporting method for closed-loop human localization experiments}},
  Author                   = {Winter, Fiete and Wierstorf, Hagen and Spors, Sascha},
  Booktitle                = {Proc. of 142nd Aud. Eng. Soc. Conv.},
  Year                     = {2017},

  Address                  = {Berlin, Germany},
  Month                    = may,

  Doi                      = {10.5281/zenodo.245826},
  Url                      = {http://www.aes.org/e-lib/browse.cfm?elib=18631}
}

@InProceedings{Winter2017-EUSIPCO,
  author    = {Winter, Fiete and Hahn, Nara and Spors, Sascha},
  title     = {{Time-Domain Realisation of Model-Based Rendering for 2.5D Local Wave Field Synthesis Using Spatial Bandwidth-Limitation}},
  booktitle = {25th European Signal Processing Conference (EUSIPCO)},
  year      = {2017},
  address   = {Kos Island, Greece},
  month     = aug,
  repo      = basepath # "2017-08_EUSIPCO_Time_Domain_Local_WFS",
  url       = {https://doi.org/10.23919/EUSIPCO.2017.8081295},
}

@InProceedings{Winter2017-WASPAA,
  author    = {Winter, Fiete and Hold, Christoph and Wierstorf, Hagen and Raake, Alexander and Spors, Sascha},
  title     = {{Colouration in 2.5D local wave field synthesis using spatial bandwidth-limitation}},
  booktitle = {2017 IEEE Workshop on Applications of Signal Processing to Audio and Acoustics (WASPAA)},
  year      = {2017},
  address   = {New Paltz, NY, USA},
  month     = oct,
  doi       = {10.5281/zenodo.557196},
  repo      = basepath # "2017-10_WASPAA_Coloration_LWFS",
  url       = {https://doi.org/10.1109/WASPAA.2017.8170015},
}

@InProceedings{Winter2018-DAGA,
  author    = {Winter, F. and Ahrens, J. and Spors, S.},
  title     = {{A Geometric Model for Spatial Aliasing in Wave Field Synthesis}},
  booktitle = {German Annual Conference on Acoustics (DAGA)},
  year      = {2018},
  pages     = {1310--1313},
  address   = {Munich, Germany},
  month     = mar,
  repo      = basepath # "2018-03_DAGA_Model_Aliasing_WFS"
}

@Comment{jabref-meta: databaseType:bibtex;}
