% This file was created with JabRef 2.10b2.
% Encoding: UTF-8


@Article{Winter2016-TASL,
  Title                    = {On Analytic Methods for 2.5D Local Sound Field Synthesis Using Circular Distributions of Secondary Sources},
  Author                   = {F. Winter and J. Ahrens and S. Spors},
  Journal                  = {IEEE/ACM Transactions on Audio, Speech, and Language Processing},
  Year                     = {2016},
  Number                   = {99},
  Pages                    = {1-1},
  Volume                   = {PP},

  Doi                      = {10.1109/TASLP.2016.2531902},
  ISSN                     = {2329-9290},
  Keywords                 = {Azimuth;Green's function methods;Harmonic analysis;IEEE transactions;Loudspeakers;Speech;Speech processing;Ambisonics;sound field synthesis;spatial aliasing}
}

@InProceedings{Winter2014-FA,
  Title                    = {{Localization Properties of Data-based Binaural Synthesis including Translatory Head-Movements}},
  Author                   = {Winter, Fiete and Schultz, Frank and Spors, Sascha},
  Booktitle                = {Forum Acusticum},
  Year                     = {2014},

  Address                  = {Krakow, Poland},
  Month                    = sep
}

@InProceedings{Winter2015-AES,
  Title                    = {{Physical Properties of Local Wave Field Synthesis Using Linear Loudspeaker Arrays}},
  Author                   = {Winter, Fiete and Spors, Sascha},
  Booktitle                = {Proc. of 138th Aud. Eng. Soc. Conv.},
  Year                     = {2015},

  Address                  = {Warsaw, Poland},
  Month                    = may
}

@InProceedings{Winter2015-DAGA,
  Title                    = {{Parameter Analysis for Range Extrapolation of Head-Related Transfer Functions using Virtual Local Wave Field Synthesis}},
  Author                   = {Winter, Fiete and Spors, Sascha},
  Booktitle                = {German Annual Conference on Acoustics (DAGA)},
  Year                     = {2015},

  Address                  = {Nuremberg, Germany},
  Month                    = mar
}

@InProceedings{Winter2015-EuroNoise,
  Title                    = {{Physical Properties of Local Wave Field Synthesis Using Circular Loudspeaker Arrays}},
  Author                   = {Winter, Fiete and Spors, Sascha},
  Booktitle                = {Proc. of the 10th European Congress and Exposition on Noise Control Engineering (EuroNoise)},
  Year                     = {2015},

  Address                  = {Maastricht, The Netherlands},
  Month                    = may
}

